%% This BibTeX bibliography file was created using BibDesk.
%% https://bibdesk.sourceforge.io/

%% Created for Donald Palahnuk at 2023-12-03 14:30:13 +0800 


%% Saved with string encoding Unicode (UTF-8) 



@article{xie_demonstrating_2020,
	author = {Xie, Liqi and Zhang, Erhui and Xu, Yanpeng and Gao, Wenyuan and Wang, Linlin and Xie, Michael Hongwei and Qin, Peilan and Lu, Lihong and Li, Sipeng and Shen, Pengcheng and Jiang, Weidong and Liu, Scott},
	date-modified = {2023-12-03 14:30:08 +0800},
	doi = {10.1007/s40259-020-00407-0},
	issn = {1173-8804, 1179-190X},
	journal = {BioDrugs},
	language = {en},
	month = jun,
	number = {3},
	pages = {363--379},
	title = {Demonstrating {Analytical} {Similarity} of {Trastuzumab} {Biosimilar} {HLX02} to {Herceptin}{\textregistered} with a {Panel} of {Sensitive} and {Orthogonal} {Methods} {Including} a {Novel} {Fc$\gamma$RIIIa} {Affinity} {Chromatography} {Technology}},
	url = {http://link.springer.com/10.1007/s40259-020-00407-0},
	urldate = {2023-12-03},
	volume = {34},
	year = {2020},
	bdsk-url-1 = {http://link.springer.com/10.1007/s40259-020-00407-0},
	bdsk-url-2 = {https://doi.org/10.1007/s40259-020-00407-0}}

@article{ramirez_improving_2012,
	author = {Ramirez, Alfredo and Cox, Charles},
	journal = {Rose-Hulman Undergraduate Mathematics Journal},
	number = {2, Article 1},
	title = {Improving on the {Range} {Rule} of {Thumb}},
	url = {https://scholar.rose-hulman.edu/rhumj/vol13/iss2/1},
	urldate = {2023-12-03},
	volume = {13},
	year = {2012},
	bdsk-url-1 = {https://scholar.rose-hulman.edu/rhumj/vol13/iss2/1}}

@inbook{endrenyi_biosimilar_2017,
  editor = {Endrenyi, Laszlo and Declerck, Paul and Chow, Shein-Chung},
  booktitle = {Biosimilar Drug Product Development},  
  title = {Chapter 3, Analytical Similarity Assessment},
  publisher = {CRC Press, Taylor \& Francis Group},
  year      = {2017},
  volume    = {Volume 216},
  number    = "",
  series = {Drugs and the pharmaceutical sciences},
  type      = "",
  address   = "",
  edition   = "",
  month     = "",
  pages 	= {88--108},
  note      = "",
  annote    = ""
}

@article{noauthor_center_2021,	
	author = {NMPA},	
	journal = {NMPA Published Guidelines},
	number = "",
	title = {Center for {Drug} {Evaluation}, {State} {Drug} {Administration}. {Technical} {Guidelines} for {Biosimilars} {Similarity} {Evaluation} and {Indication} {Extrapolation}},
	url = {https://www.cde.org.cn/main/news/viewInfoCommon/d92c6507a57bee9ccfc5baa1ee87fda9},
	urldate = {2023-12-03},
	month = feb,
	number = {18},
	year = {2021},
	anote= {testanote},
	bdsk-url-1 = {https://scholar.rose-hulman.edu/rhumj/vol13/iss2/1}}
}
